<record><leader>00000cas a22000007a 4500</leader><controlfield tag="001">18595224</controlfield><controlfield tag="008">881012d18021803vaucr ne      0    0eng d</controlfield><datafield ind1=" " ind2=" " tag="010"><subfield code="a">sn 88061222 </subfield></datafield><datafield ind1=" " ind2=" " tag="040"><subfield code="a">KNP</subfield><subfield code="b">eng</subfield><subfield code="c">KNP</subfield><subfield code="d">MGN</subfield><subfield code="d">OCL</subfield><subfield code="d">NVK</subfield><subfield code="d">OCLCQ</subfield><subfield code="d">OCLCF</subfield><subfield code="d">OCLCO</subfield></datafield><datafield ind1="1" ind2=" " tag="029"><subfield code="a">AU@</subfield><subfield code="b">000020120210</subfield></datafield><datafield ind1=" " ind2=" " tag="042"><subfield code="a">msc</subfield></datafield><datafield ind1=" " ind2=" " tag="043"><subfield code="a">n-us-va</subfield></datafield><datafield ind1="0" ind2="4" tag="245"><subfield code="a">The Virginia telegraphe, Rockbridge courier.</subfield></datafield><datafield ind1=" " ind2=" " tag="260"><subfield code="a">Lexington, Va. :</subfield><subfield code="b">S. Walkup, &amp; Co.</subfield></datafield><datafield ind1=" " ind2=" " tag="300"><subfield code="a">v. :</subfield><subfield code="b">ill.</subfield></datafield><datafield ind1=" " ind2=" " tag="310"><subfield code="a">Semiweekly,</subfield><subfield code="b">Apr. 9-&lt;May 14&gt; 1803</subfield></datafield><datafield ind1=" " ind2=" " tag="321"><subfield code="a">Weekly,</subfield><subfield code="b">&lt;Feb. 15&gt;-Apr. 5, 1803</subfield></datafield><datafield ind1="1" ind2=" " tag="362"><subfield code="a">Began in 1802? Ceased in 1803.</subfield></datafield><datafield ind1=" " ind2=" " tag="530"><subfield code="a">Available on microfilm from Bell &amp; Howell, Micro Photo Div.</subfield></datafield><datafield ind1=" " ind2=" " tag="588"><subfield code="a">Description based on: Vol. 1, no. 12 (Feb. 15, 1803).</subfield></datafield><datafield ind1=" " ind2="0" tag="651"><subfield code="a">Lexington (Va.)</subfield><subfield code="v">Newspapers.</subfield></datafield><datafield ind1=" " ind2="7" tag="655"><subfield code="a">Newspapers.</subfield><subfield code="2">fast</subfield><subfield code="0">(OCoLC)fst01423814</subfield></datafield><datafield ind1=" " ind2="7" tag="651"><subfield code="a">Virginia</subfield><subfield code="z">Lexington.</subfield><subfield code="2">fast</subfield><subfield code="0">(OCoLC)fst01205029</subfield></datafield><datafield ind1=" " ind2=" " tag="752"><subfield code="a">United States</subfield><subfield code="b">Virginia</subfield><subfield code="d">Lexington.</subfield></datafield><datafield ind1="0" ind2="0" tag="785"><subfield code="t">Virginia telegraph, or, Rockbridge courier</subfield><subfield code="w">(DLC)sn 85025500</subfield></datafield></record>